<?xml version = "1.0" encoding = "UTF-8"?><record>
  <leader>01285nem#a2200301#cc4500</leader>
  <controlfield tag="005">20210823130600.0</controlfield>
  <controlfield tag="007">au#|||||</controlfield>
  <controlfield tag="007">tu</controlfield>
  <controlfield tag="008">060407|1990####gw########|###|#|###ger#c</controlfield>
  <controlfield tag="003">DE-605</controlfield>
  <controlfield tag="001">990147272900206441</controlfield>
  <datafield tag="016" ind1="7" ind2=" ">
    <subfield code="a">1071771152</subfield>
    <subfield code="2">OCoLC</subfield>
  </datafield>
  <datafield tag="020" ind1=" " ind2=" ">
    <subfield code="a">3402061732</subfield>
    <subfield code="c">f&#252;nfte Lieferung insgesamt</subfield>
    <subfield code="9">3-402-06173-2</subfield>
    <subfield code="0">(uri) http://www.isbnsearch.org/isbn/3402061732</subfield>
  </datafield>
  <datafield tag="020" ind1=" " ind2=" ">
    <subfield code="a">3402061740</subfield>
    <subfield code="9">3-402-06174-0</subfield>
    <subfield code="0">(uri) http://www.isbnsearch.org/isbn/3402061740</subfield>
  </datafield>
  <datafield tag="035" ind1=" " ind2=" ">
    <subfield code="a">(DE-605)TT001671747</subfield>
  </datafield>
  <datafield tag="040" ind1=" " ind2=" ">
    <subfield code="a">386</subfield>
    <subfield code="b">ger</subfield>
    <subfield code="c">386</subfield>
    <subfield code="d">468</subfield>
    <subfield code="e">rakwb</subfield>
    <subfield code="d">DE-605</subfield>
  </datafield>
  <datafield tag="041" ind1=" " ind2=" ">
    <subfield code="a">ger</subfield>
  </datafield>
  <datafield tag="044" ind1=" " ind2=" ">
    <subfield code="c">XA-DE</subfield>
  </datafield>
  <datafield tag="084" ind1=" " ind2=" ">
    <subfield code="a">710</subfield>
    <subfield code="2">rpb</subfield>
  </datafield>
  <datafield tag="245" ind1="0" ind2="0">
    <subfield code="a">Geographisch-landeskundlicher Atlas von Westfalen</subfield>
    <subfield code="n">Themenbereich 3, Bev&#246;lkerung, Lfg. 5, Doppelbl. 1</subfield>
    <subfield code="p">Bev&#246;lkerungsdichte der Gemeinden 1871 - 1987 und Ver&#228;nderung 1818 - 1987</subfield>
    <subfield code="c">hrsg. durch den Landschaftsverband Westfalen-Lippe, Geographische Kommission f&#252;r Westfalen. Atlasred., wiss. und kartograph. Betreuung: Alois Mayr ...</subfield>
  </datafield>
  <datafield tag="264" ind1=" " ind2="1">
    <subfield code="a">M&#252;nster</subfield>
    <subfield code="b">Aschendorff</subfield>
    <subfield code="c">1990</subfield>
  </datafield>
  <datafield tag="300" ind1=" " ind2=" ">
    <subfield code="a">[2] Bl. : graph. Darst., Kt.</subfield>
  </datafield>
  <datafield tag="773" ind1="0" ind2="8">
    <subfield code="w">(DE-605)HT002808565</subfield>
    <subfield code="q">3,5,1</subfield>
  </datafield>
  <datafield tag="964" ind1="0" ind2="s">
    <subfield code="F">030</subfield>
    <subfield code="A">az1ucr|||||||</subfield>
  </datafield>
  <datafield tag="964" ind1="0" ind2="s">
    <subfield code="F">050</subfield>
    <subfield code="A">a|||||||||a|||</subfield>
  </datafield>
  <datafield tag="035" ind1=" " ind2=" ">
    <subfield code="a">(OCoLC)1071771152</subfield>
    <subfield code="0">(uri) http://www.worldcat.org/oclc/1071771152</subfield>
  </datafield>
  <datafield tag="035" ind1=" " ind2=" ">
    <subfield code="a">(DE-599)HBZTT001671747</subfield>
  </datafield>
  <datafield tag="700" ind1="1" ind2=" ">
    <subfield code="a">Mayr, Alois</subfield>
    <subfield code="d">1938-2014</subfield>
    <subfield code="0">(DE-588)137082479</subfield>
    <subfield code="4">edt</subfield>
    <subfield code="9">O:H</subfield>
    <subfield code="0">(uri) https://portal.dnb.de/opac.htm?method=simpleSearch&amp;cqlMode=true&amp;query=idn=137082479</subfield>
    <subfield code="0">(uri) http://viaf.org/viaf/sourceID/DNB|137082479</subfield>
  </datafield>
  <datafield tag="710" ind1="2" ind2=" ">
    <subfield code="a">Provinzialinstitut f&#252;r Westf&#228;lische Landes- und Volksforschung</subfield>
    <subfield code="b">Geographische Kommission f&#252;r Westfalen</subfield>
    <subfield code="0">(DE-588)2056181-7</subfield>
    <subfield code="4">oth</subfield>
    <subfield code="9">O:H</subfield>
    <subfield code="0">(uri) https://portal.dnb.de/opac.htm?method=simpleSearch&amp;cqlMode=true&amp;query=idn=007085613</subfield>
    <subfield code="0">(uri) http://viaf.org/viaf/sourceID/DNB|007085613</subfield>
  </datafield>
  <datafield tag="MBD" ind1=" " ind2=" ">
    <subfield code="M">49HBZ_NETWORK</subfield>
    <subfield code="i">990147272900206441</subfield>
    <subfield code="n">HBZ Network</subfield>
  </datafield>
  <datafield tag="MBD" ind1=" " ind2=" ">
    <subfield code="M">49HBZ_UBD</subfield>
    <subfield code="i">991004176249706445</subfield>
    <subfield code="n">UB Dortmund</subfield>
  </datafield>
  <datafield tag="020" ind1=" " ind2=" ">
    <subfield code="a">3402061732</subfield>
    <subfield code="c">f&#252;nfte Lieferung insgesamt</subfield>
    <subfield code="9">3-402-06173-2</subfield>
    <subfield code="M">49HBZ_UBD</subfield>
  </datafield>
  <datafield tag="020" ind1=" " ind2=" ">
    <subfield code="a">3402061740</subfield>
    <subfield code="9">3-402-06174-0</subfield>
    <subfield code="M">49HBZ_UBD</subfield>
  </datafield>
  <datafield tag="700" ind1="1" ind2=" ">
    <subfield code="a">Mayr, Alois</subfield>
    <subfield code="d">1938-2014</subfield>
    <subfield code="0">(DE-588)137082479</subfield>
    <subfield code="4">edt</subfield>
    <subfield code="9">O:H</subfield>
    <subfield code="M">49HBZ_UBD</subfield>
  </datafield>
  <datafield tag="710" ind1="2" ind2=" ">
    <subfield code="a">Provinzialinstitut f&#252;r Westf&#228;lische Landes- und Volksforschung</subfield>
    <subfield code="b">Geographische Kommission f&#252;r Westfalen</subfield>
    <subfield code="0">(DE-588)2056181-7</subfield>
    <subfield code="4">oth</subfield>
    <subfield code="9">O:H</subfield>
    <subfield code="M">49HBZ_UBD</subfield>
  </datafield>
  <datafield tag="980" ind1="1" ind2=" ">
    <subfield code="e">HBZ</subfield>
    <subfield code="9">LOCAL</subfield>
    <subfield code="M">49HBZ_UBD</subfield>
  </datafield>
  <datafield tag="981" ind1=" " ind2=" ">
    <subfield code="a">(DE-290)1428960</subfield>
    <subfield code="9">LOCAL</subfield>
    <subfield code="M">49HBZ_UBD</subfield>
  </datafield>
  <datafield tag="997" ind1=" " ind2=" ">
    <subfield code="a">20131108</subfield>
    <subfield code="9">LOCAL</subfield>
    <subfield code="M">49HBZ_UBD</subfield>
  </datafield>
  <datafield tag="MBD" ind1=" " ind2=" ">
    <subfield code="M">49HBZ_WUP</subfield>
    <subfield code="i">990015308180206447</subfield>
    <subfield code="n">UB Wuppertal</subfield>
  </datafield>
  <datafield tag="020" ind1=" " ind2=" ">
    <subfield code="a">3402061732</subfield>
    <subfield code="c">f&#252;nfte Lieferung insgesamt</subfield>
    <subfield code="9">3-402-06173-2</subfield>
    <subfield code="M">49HBZ_WUP</subfield>
  </datafield>
  <datafield tag="020" ind1=" " ind2=" ">
    <subfield code="a">3402061740</subfield>
    <subfield code="9">3-402-06174-0</subfield>
    <subfield code="M">49HBZ_WUP</subfield>
  </datafield>
  <datafield tag="700" ind1="1" ind2=" ">
    <subfield code="a">Mayr, Alois</subfield>
    <subfield code="d">1938-2014</subfield>
    <subfield code="0">(DE-588)137082479</subfield>
    <subfield code="4">edt</subfield>
    <subfield code="9">O:H</subfield>
    <subfield code="M">49HBZ_WUP</subfield>
  </datafield>
  <datafield tag="710" ind1="2" ind2=" ">
    <subfield code="a">Provinzialinstitut f&#252;r Westf&#228;lische Landes- und Volksforschung</subfield>
    <subfield code="b">Geographische Kommission f&#252;r Westfalen</subfield>
    <subfield code="0">(DE-588)2056181-7</subfield>
    <subfield code="4">oth</subfield>
    <subfield code="9">O:H</subfield>
    <subfield code="M">49HBZ_WUP</subfield>
  </datafield>
  <datafield tag="MNG" ind1=" " ind2=" ">
    <subfield code="c">System</subfield>
    <subfield code="f">HBZ</subfield>
    <subfield code="i">marc21</subfield>
    <subfield code="h">20210823130600.0</subfield>
    <subfield code="k">01</subfield>
    <subfield code="e">false</subfield>
    <subfield code="d">2021-08-23 14:00:53 Europe/Berlin</subfield>
    <subfield code="g">014727290-HBZ01</subfield>
    <subfield code="j">60</subfield>
    <subfield code="a">import</subfield>
    <subfield code="b">2021-04-05 16:05:07 Europe/Berlin</subfield>
  </datafield>
  <datafield tag="H52" ind1="8" ind2=" ">
    <subfield code="b">EFB</subfield>
    <subfield code="c">Service</subfield>
    <subfield code="8">22195289700006445</subfield>
  </datafield>
  <datafield tag="HOL" ind1=" " ind2=" ">
    <subfield code="d">2021-06-29 13:45:42</subfield>
    <subfield code="8">22195289700006445</subfield>
    <subfield code="b">2021-04-19 15:25:22</subfield>
    <subfield code="M">49HBZ_UBD</subfield>
    <subfield code="g">false</subfield>
    <subfield code="a">import</subfield>
    <subfield code="c">DE1130000031849</subfield>
  </datafield>
  <datafield tag="ITM" ind1=" " ind2=" ">
    <subfield code="H">22195289700006445</subfield>
    <subfield code="x">Service</subfield>
    <subfield code="f">BOOK</subfield>
    <subfield code="v">Service</subfield>
    <subfield code="X">DE1130000031849</subfield>
    <subfield code="U">2021-04-19 13:45:42</subfield>
    <subfield code="Y">2021-06-29 13:45:42</subfield>
    <subfield code="h">false</subfield>
    <subfield code="J">Kassettenschrank</subfield>
    <subfield code="n">GOA 7/62-3,5,1</subfield>
    <subfield code="G">1</subfield>
    <subfield code="M">49HBZ_UBD</subfield>
    <subfield code="s">1</subfield>
    <subfield code="d">8</subfield>
    <subfield code="V">import</subfield>
    <subfield code="L">ClassificationNo: 0 | SISIS-Magazindrucker: 0 | HBZ01: TT001671747</subfield>
    <subfield code="b">20114627</subfield>
    <subfield code="O">SISIS-Ausleihz&#228;hler vorletztes Migrationsjahr: 0 | SISIS-Vormerkz&#228;hler Migrationsjahr: 0 | SISIS-Buchdaten-Aufnahmedatum: 2013-11-08</subfield>
    <subfield code="N">Fernleihkonditionen: 0 | Sigel: 290 | Klassifikation: 0 | Altersbegrenzung: 0 | SISIS-Ausleihz&#228;hler Migrationsjahr: 0 | SISIS-Ausleihz&#228;hler Vor-Migrationsjahr: 0</subfield>
    <subfield code="a">23195289690006445</subfield>
    <subfield code="B">BMG 86/130-3,5,1</subfield>
    <subfield code="W">2021-04-19 15:25:22</subfield>
    <subfield code="u">EFB</subfield>
    <subfield code="w">EFB</subfield>
  </datafield>
  <datafield tag="H52" ind1=" " ind2=" ">
    <subfield code="b">W0001</subfield>
    <subfield code="c">20</subfield>
    <subfield code="h"></subfield>
    <subfield code="8">22145239160006447</subfield>
  </datafield>
  <datafield tag="HOL" ind1=" " ind2=" ">
    <subfield code="b">2021-04-06 08:53:53</subfield>
    <subfield code="8">22145239160006447</subfield>
    <subfield code="M">49HBZ_WUP</subfield>
    <subfield code="g">false</subfield>
    <subfield code="a">import</subfield>
  </datafield>
  <datafield tag="ITM" ind1=" " ind2=" ">
    <subfield code="H">22145239160006447</subfield>
    <subfield code="x">20</subfield>
    <subfield code="f">BOOK</subfield>
    <subfield code="v">20</subfield>
    <subfield code="p">12</subfield>
    <subfield code="X">System</subfield>
    <subfield code="U">2018-07-18 10:59:00</subfield>
    <subfield code="Y">2021-04-06 08:54:20</subfield>
    <subfield code="h">false</subfield>
    <subfield code="J">Sonderstandort Gro&#223;formate. Sammelband</subfield>
    <subfield code="n">MYJ3447-1,2</subfield>
    <subfield code="M">49HBZ_WUP</subfield>
    <subfield code="s">1</subfield>
    <subfield code="d">#</subfield>
    <subfield code="V">import</subfield>
    <subfield code="b">1532929-10</subfield>
    <subfield code="a">23145239140006447</subfield>
    <subfield code="t">8</subfield>
    <subfield code="B">89/22692</subfield>
    <subfield code="D">20180718</subfield>
    <subfield code="W">2021-04-06 08:53:53</subfield>
    <subfield code="u">W0001</subfield>
    <subfield code="w">W0001</subfield>
  </datafield>
  <datafield tag="GKT" ind1="2" ind2=" ">
    <subfield code="a">Geographische Kommission fu&#776;r Westfalen</subfield>
    <subfield code="g">Mu&#776;nster, Westfalen</subfield>
    <subfield code="A">GND</subfield>
    <subfield code="B">GND-007085613</subfield>
    <subfield code="C">410</subfield>
  </datafield>
  <datafield tag="GKT" ind1="2" ind2=" ">
    <subfield code="a">Provinzialinstitut fu&#776;r Westfa&#776;lische Landes- und Volksforschung</subfield>
    <subfield code="b">Geographische Kommission</subfield>
    <subfield code="A">GND</subfield>
    <subfield code="B">GND-007085613</subfield>
    <subfield code="C">410</subfield>
  </datafield>
  <datafield tag="GKT" ind1="2" ind2=" ">
    <subfield code="a">Geographische Kommission fu&#776;r Westfalen</subfield>
    <subfield code="g">Provinzialinstitut fu&#776;r Westfa&#776;lische Landes- und Volksforschung</subfield>
    <subfield code="A">GND</subfield>
    <subfield code="B">GND-007085613</subfield>
    <subfield code="C">410</subfield>
  </datafield>
  <datafield tag="GKT" ind1="2" ind2=" ">
    <subfield code="a">Provinzialinstitut fu&#776;r westfa&#776;lische Landes- und Volksforschung</subfield>
    <subfield code="g">Mu&#776;nster, Westfalen</subfield>
    <subfield code="b">Geographische Kommission fu&#776;r Westfalen</subfield>
    <subfield code="A">GND</subfield>
    <subfield code="B">GND-007085613</subfield>
    <subfield code="C">410</subfield>
  </datafield>
  <datafield tag="GKT" ind1="2" ind2=" ">
    <subfield code="a">Westfalen-Lippe</subfield>
    <subfield code="b">Geographische Kommission</subfield>
    <subfield code="A">GND</subfield>
    <subfield code="B">GND-007085613</subfield>
    <subfield code="C">410</subfield>
  </datafield>
  <datafield tag="GSI" ind1="7" ind2=" ">
    <subfield code="a">http://d-nb.info/gnd/2056181-7</subfield>
    <subfield code="2">uri</subfield>
    <subfield code="A">GND</subfield>
    <subfield code="B">GND-007085613</subfield>
    <subfield code="C">024</subfield>
  </datafield>
  <datafield tag="GPN" ind1="1" ind2=" ">
    <subfield code="a">Mayr, A.</subfield>
    <subfield code="d">1938-2014</subfield>
    <subfield code="A">GND</subfield>
    <subfield code="B">GND-137082479</subfield>
    <subfield code="C">400</subfield>
  </datafield>
  <datafield tag="GSI" ind1="7" ind2=" ">
    <subfield code="a">http://d-nb.info/gnd/137082479</subfield>
    <subfield code="2">uri</subfield>
    <subfield code="A">GND</subfield>
    <subfield code="B">GND-137082479</subfield>
    <subfield code="C">024</subfield>
  </datafield>
</record>